<?xml version="1.0" encoding="UTF-8"?>
<collection xmlns:xsi="http://www.w3.org/2001/XMLSchema-instance" xsi:schemaLocation="http://www.loc.gov/MARC21/slim http://www.loc.gov/standards/marcxml/schema/MARC21slim.xsd" xmlns="http://www.loc.gov/MARC21/slim">
<record>
  <leader>01555cam a2200313 i 4500</leader>
  <controlfield tag="001">32234</controlfield>
  <controlfield tag="003">NNC</controlfield>
  <controlfield tag="005">20171019135255.0</controlfield>
  <controlfield tag="008">801010s1927    ua            000 0 ara d</controlfield>
  <datafield tag="035" ind1=" " ind2=" ">
    <subfield code="a">(OCoLC)40223384</subfield>
  </datafield>
  <datafield tag="035" ind1=" " ind2=" ">
    <subfield code="a">(OCoLC)ocm40223384</subfield>
  </datafield>
  <datafield tag="035" ind1=" " ind2=" ">
    <subfield code="a">(CStRLIN)NYCG19011970-B</subfield>
  </datafield>
  <datafield tag="035" ind1=" " ind2=" ">
    <subfield code="9">AAD3673CU</subfield>
  </datafield>
  <datafield tag="035" ind1=" " ind2=" ">
    <subfield code="a">(NNC)32234</subfield>
  </datafield>
  <datafield tag="040" ind1=" " ind2=" ">
    <subfield code="a">NNC</subfield>
    <subfield code="c">NNC</subfield>
  </datafield>
  <datafield tag="090" ind1=" " ind2=" ">
    <subfield code="a">\KBL\ \</subfield>
    <subfield code="b">.I257 1927</subfield>
  </datafield>
  <datafield tag="100" ind1="1" ind2=" ">
    <subfield code="a">Ghazzī, Muḥammad ibn Qāsim,</subfield>
    <subfield code="d">1454 or 1455-1512 or 1513.</subfield>
  </datafield>
  <datafield tag="240" ind1="1" ind2="0">
    <subfield code="a">Fatḥ al-qarīb al-mujīb fī sharḥ alfāẓ al-taqrīb</subfield>
  </datafield>
  <datafield tag="245" ind1="0" ind2="0">
    <subfield code="a">Kitāb sharḥ Shams al-Dīn Abī Allāh Muḥammad ibn Qāsim al-Ghazzī al-musammá Fatḥ al-qarīb al-mujīb ʻalá al-kitāb al-musammá bi-al-Taqrīb aw al-Qawl al-mukhtār fī sharḥ Ghāyat al-ikhtiṣār ʻalá madhhab al-Imām al-Shāfiʻī :</subfield>
    <subfield code="b">wa-qad jaʻalnā al-matn al-madhkūr lil-Imām Abī al-Ṭayyib Shihāb al-Millah wa-al-Dīn Aḥmad ibn al-Ḥusayn ibn Aḥmad al-Iṣfahānī al-Shahīrbābī Shujāʻ ...</subfield>
  </datafield>
  <datafield tag="250" ind1=" " ind2=" ">
    <subfield code="a">al-Ṭabʻah 3.</subfield>
  </datafield>
  <datafield tag="260" ind1=" " ind2=" ">
    <subfield code="a">[Cairo] :</subfield>
    <subfield code="b">Maṭbaʻat al-Kamāl,</subfield>
    <subfield code="c">1927.</subfield>
  </datafield>
  <datafield tag="300" ind1=" " ind2=" ">
    <subfield code="a">168 p. ;</subfield>
    <subfield code="c">21 cm.</subfield>
  </datafield>
  <datafield tag="500" ind1=" " ind2=" ">
    <subfield code="a">Binder's title: Sharḥ al-Ghazzī.</subfield>
  </datafield>
  <datafield tag="650" ind1=" " ind2="0">
    <subfield code="a">Islamic law.</subfield>
  </datafield>
  <datafield tag="650" ind1=" " ind2="0">
    <subfield code="a">Shafiites.</subfield>
  </datafield>
  <datafield tag="700" ind1="1" ind2="2">
    <subfield code="a">Abū Shujāʻ al-Iṣfahānī, Aḥmad ibn al-Ḥusayn,</subfield>
    <subfield code="d">approximately 1042-</subfield>
    <subfield code="t">Mukhtaṣar fī al-fiqh ʻalá madhhab al-Shāfiʻī.</subfield>
    <subfield code="f">1927.</subfield>
  </datafield>
  <datafield tag="740" ind1="0" ind2="1">
    <subfield code="a">Kitāb sharḥ Shams al-Dīn Abī ʻAbd Allāh ...</subfield>
  </datafield>
  <datafield tag="740" ind1="0" ind2="1">
    <subfield code="a">Fatḥ al-qarīb al-mujīb.</subfield>
  </datafield>
  <datafield tag="740" ind1="3" ind2="1">
    <subfield code="a">al-Qawl al-mukhtār.</subfield>
  </datafield>
  <datafield tag="955" ind1=" " ind2=" ">
    <subfield code="b">CU70674906</subfield>
    <subfield code="d">off,glx</subfield>
    <subfield code="e">KBL .I257 1927</subfield>
  </datafield>
</record>
</collection>